@article{francis2011data,
  title={Data weighting in statistical fisheries stock assessment models},
  author={Francis, R I C Chris},
  journal={Canadian Journal of Fisheries and Aquatic Sciences},
  volume={68},
  number={6},
  pages={1124--1138},
  year={2011},
  publisher={NRC Research Press}
}